@ONLINE{SUS,
author = {SUS},
title = {Malária: o que é, causas, sintomas, tratamento, diagnóstico e prevenção},
year = {2021},
url = {http://antigo.saude.gov.br/saude-de-a-z/malaria/}
}

@ONLINE{Boletim,
author = {Ministério da Saúde},
title = {Boletim Epidemiológico},
month = Novembro,
year = {2020},
url = {https://www.gov.br/saude/pt-br/media/pdf/2020/dezembro/03/boletim_especial_malaria_1dez20_final.pdf}
}

@article{wyse2006modelo,
  title={Modelo matemático sazonal para malária},
  author={Wyse, Ana Paula P and Bevilacqua, Luiz and Rafikov, Marat},
  journal={Trends in Computational and Applied Mathematics},
  volume={7},
  number={2},
  pages={391--400},
  year={2006},
  url={https://tema.sbmac.org.br/tema/article/view/266/205}
}

@article{ndacherenga2019modelos,
  title={Modelos matemáticos no estudo da malária},
  author={Ndacherenga, Jorge Diquissone},
  year={2019},
  url={https://repositorio-aberto.up.pt/bitstream/10216/121196/2/342931.pdf}
}

@article{mandal2011mathematical,
  title={Mathematical models of malaria-a review},
  author={Mandal, Sandip and Sarkar, Ram Rup and Sinha, Somdatta},
  journal={Malaria journal},
  volume={10},
  number={1},
  pages={1--19},
  year={2011},
  publisher={BioMed Central},
  url={https://malariajournal.biomedcentral.com/articles/10.1186/1475-2875-10-202}
}

@article{macufa,
  title={Modelos epidemiológicos alternativos da malária},
  author={Macufa, Marta Maria Mucacho and others},
  year={2011},
  publisher={[sn]},
  url = {http://repositorio.unicamp.br/bitstream/REPOSIP/306459/1/Macufa_MartaMariaMucacho_M.pdf}
}